

@misc{accelerometer_datasheet,
   author = {Analog Devices},
   title = {ADXL345 (3-Axis Digital Accelerometer Datasheet)},
   year = {(accessed Dec 15, 2014)}, 
   howpublished = "Available: \url{http://www.analog.com/static/imported-files/data_sheets/ADXL345.pdf}"}

@misc{compass_datasheet,
   author = {Honeywell},
   title = {HMC5883L (3-Axis gyroscope)},
   year = {(accessed Dec 15, 2014)}, 
   howpublished = "Available: \url{http://www51.honeywell.com/aero/common/documents/myaerospacecatalog-documents/Defense_Brochures-documents/HMC5883L_3-Axis_Digital_Compass_IC.pdf}"}


@misc{gyroscope_datasheet,
   author = {InvenSense},
   title = {ITG-3200 (3-Axis Digital Compass)},
   year = {(accessed Dec 15, 2014)}, 
   howpublished = "Available: \url{https://www.sparkfun.com/datasheets/Sensors/Gyro/PS-ITG-3200-00-01.4.pdf}"}

@misc{rangefinder_datasheet,
     author = {Elec Freaks},
     title = {Ultrasonic Ranging Module HC - SR04)},
     year = {(accessed Feb 8, 2015)}, 
     howpublished = "Available: \url{http://www.micropik.com/PDF/HCSR04.pdf}"}

@misc{GPS_datasheet,
    author = {POLSTAR},
    title = {PMB -648 High Sensitivity GPS Module},
    year = {(accessed Dec 15, 2014)}, 
    howpublished = "Available:\url{http://www.soselectronic.com/a_info/resource/c/pmb648.pdf}"}


@mastersthesis{Variable_Pitch_Quadrotor_MIT,
    author    = "M. J. Cutler",
    title     = "Design and Control of an Autonomous
    Variable-Pitch Quadrotor Helicopter",
    school    = "Massachusetts Institute of Technology (MIT)",
    year      = "2012",
}


@mastersthesis{identification_and_Control_of_a_Quadrotor_(czech),
    author    = "M. D. Lellis and C. D. Oliveira",
    title     = "Modeling, Identification and Control of a
    Quadrotor Aircraft",
    school    = "Czech Technical University in Prague",
    year      = "2010",
}


@book{Principles_of_helicopter_aerodynamics,
    author    = "J.G. Leishman",
    title     = "Principles of helicopter aerodynamics",
    publisher = "Cambridge Univ Pr",
    year      = "2010",
}


@book{Discrete_control_systems,
    author    = "Ogata . K",
    title     = "Discrete Control Systems",
    publisher = "NJ: Prentice-Hall",
    year      = "1987",
}


@book{Digital_control_system_analysis_and_design,
    author    = "Phillips C. L. and Nagle H. T.",
    title     = "Digital Control System Analysis and Design",
    publisher = "NJ: Prentice-Hall",
    edition = "2nd edn.",
    year      = "1990",
}



@book{Helicopters_and_autogiros(Convertawings_Model_A),
    author    = "C. Gablehouse",
    title     = "Helicopters and autogiros; a chronicle of rotating-wing aircraft",
    publisher = "Philadelphia, Lippincott ",
    year      = "1967",
 
}




@article{high_speed_quadrocopter_multi_flips,
    author    = "S. Lupashin et al",
    title     = "A simple learning strategy
    for high-speed quadrocopter multi-flips",
    journal   = "IEEE International Conference
    on Robotics and Automation (ICRA)",
    pages    = "1642–1648",
    year      = "2010",
}

@conference{Quad_fly_through_windows,
    author    = "D. Mellinger et al",
    title     = "
  Trajectory generation and control for
   precise aggressive maneuvers with quadrotors",
    booktitle = "In Int. Symposium on Experimental
   Robotics",
    pages    = "1642–1648",
    year      = "2010",
    publisher= "IEEE",
}



@INBOOK{Artofcontrol,
   author    = "K. Duttonet et al",
   title     = "The art of control engineering",
   publisher = "Pearson",
   address = "Tottenham court road, London",
   year = "1997",
}



@article{flying_inverted_pendulum,
    author    = "M. Hehn and R. D’Andrea.",
    title     = "A flying inverted pendulum",
    journal   = "IEEE International Conference
     on Robotics and Automation (ICRA)",
    pages    = "763–770",
    year      = "2011",
}

@article{comparison_of_fixed_and_variable_pitch_actuators,
    author    = "M. Cutler et al",
    title     = "Comparison of fixed and
    variable pitch actuators for agile quadrotors",
    journal   = "Navigation and
    Control Conference (GNC)",
    pages    = "763–770",
    year      = "2011",
}

@misc{misc_video,
    author    = "G. d’Ambrosio and R. Navoni",
    title     = "Hg3 willy [online]",
    howpublished = "Available: \url{https://www.youtube.com/watch?v=M4uXmekZk-4&feature=youtu.be}",
    year     = " (accessed Dec 17, 2014)",

}


@misc{An_Introduction_to_the_Kalman_Filter,
    author    = "G.Welch and G. Bishop",
    title     = "An Introduction to the Kalman Filter",
    publisher = "University of North Carolina at Chapel Hill (lecture notes)",
    year      = "2001",
}

@misc{quad-rotor_with_Machine_Gun,
    author    = "FPSRussia",
    title     = "Prototype Quad-rotor with Machine Gun [online]",
    howpublished = "Available:\url{https://www.youtube.com/watch?v=SNPJMk2fgJU}",
    year     = " (accessed Dec 18, 2014)",

}




@misc{Stanford_kalman_filter,
    author    = "S.Boyd",
    title     = "The Kalman Filter [online]",
    howpublished = "Available: \url{http://stanford.edu/class/ee363/lectures/kf.pdf}",
    year     = " (accessed Dec 19, 2014)",

}


@book{Quadrotor_Helicopter_Flight_Dynamics_and_Control,
    author    = "G.Hoffmann and H.Huang",
    title     = "Quadrotor Helicopter Flight Dynamics and Control: Theory and Experiment",
    publisher = "American Institute of Aeronautics and Astronautics",
    year      = "2007",
}

@book{Modelling_and_Control_of_a_Quad_Rotor_Robot,
    author    = "P.Pounds et al",
    title     = "Modelling and Control of a Quad-Rotor Robot",
    publisher = "IEEE",
    year      = "2007",
}


@book{Optimal_Filtering,
    author    = "B.O. Anderson and J.B. Moore",
    title     = "Optimal Filtering",
    publisher = "Prentice-hall. inc. ",
    year      = "1979",
 
}

@article{New_Extension_of_the_Kalman_Filter,
    author    = "S.J.Julier and J.K.Uhlmann",
    title     = "A New Extension of the Kalman Filter to Nonlinear systems ",
    journal   = "SPIE aerosense symposium",
    year      = "1997",
}


@article{3D_State_Space_Formulation,
    author    = "A.Kelly",
    title     = "A 3D State Space Formulation of a Navigation Kalman Filter for Autonomous Vehicles",
    journal   = "The Robotics Institute Carnegie Mellon University",
    year      = "1994",
}


@article{gordon_paper,
    author    = "K. Kennedy and G. Lightbody and R. Yacamini",
    title     = "Power Systems Harmonic Analysis using the Kalman Filter ",
    publisher = "IEEE",
    journal   = "PES General Summer Meeting",
    year      = "July 2003",
}



@inproceedings{Jacobain_approx_paper,
  title="New complex-step derivative approximations with application to second-order kalman filtering",
  author    = "Lai. Kok-Lam et al ",
  booktitle="AIAA Guidance, Navigation and Control Conference, San Francisco, California",
  year="2005"
}



@conference{acclerometer_bais,
   author    = "W. T. Ang et al",
   title     = "Physical Model of a MEMS Accelerometer for Low-g Motion Tracking Applications",
   booktitle = "International Conference on Robotics and Automation New Orleans",
   pages    = "1345–1351",
   year      = "Apr 2004",
   publisher= "IEEE",
}


@misc{herding_video,
    author    = "davidh5659",
    title     = "Herding Cattle With A Drone[online]",
    howpublished = "Available:\url{https://www.youtube.com/watch?v=6ouXhsAEb5U#start=0:00;end=8:19;cycles=-1;autoreplay=false}",
    year     = " (accessed Dec 17, 2014)",

}


@misc{Armed_Quadrotors,
    author    = " David Hambling",
    title     = "Armed Quadrotors Are Coming [online]",
    howpublished = "Available: \url{http://www.popularmechanics.com/technology/military/planes-uavs/armed-quadrotors-are-coming-10720086}",
    year     = " (accessed Dec 18, 2014)",

}

@misc{Consumer_drones,
    author    = " S. Brewster",
    title     = "Consumer drones are coming and they will change everything [Article]",
    howpublished = "Available: \url{http://technicsandtime.com/tag/quadrotor/}",
    year     = " (accessed December 18, 2014)",

}

@misc{Quadcopters_Cameras,
    author    = " S. Brewster",
    title     = "Quadcopters, Cameras, and the Law [online]",
    howpublished = "Available: \url{http://www.videouniversity.com/articles/quadcopters-cameras-and-the-law/}",
    year     = " (accessed Dec 18, 2014)",

}


@misc{Accelrometer_bias,
    author    = "Kinonix",
    title     = "Accelerometer Errors [online]",
    howpublished = "Available: \url{http://www.kionix.com/sites/default/files/AN012%20Accelerometer%20Errors.pdf}",
    year     = " (accessed Dec 28, 2014)",

}

@misc{quad_fly_ireland,
    author    = "{T. Lane}",
    organization = "{IIA}",
    title     = "Operating Drones Safely: Follow the Rules! [online]",
    howpublished = "Available: \url{https://www.iaa.ie/news.jsp?i=507&gc=141&p=124&n=445&date_from=2000-01-01&date_to=2100-01-01}",
    year     = " (accessed Dec 18, 2014)",
}



@mastersthesis{identification_and_Control_of_a_Quadrotor_(lund),
    author    = "{T. Bresciani}",
    title     = "Modelling, Identification and Control of a Quadrotor Helicopter",
    school    = "{Lund University}",
    year      = "2008",
}

@inproceedings{mapping_quad,
  title="{Designing a spatially aware and autonomous quadcopter}",
  author="{M.Y. Chen et. al}",
  booktitle="{Systems and Information Engineering Design Symposium (SIEDS), 2013 IEEE}",
  pages="{213--218}",
  year="{2013}",
  organization="{IEEE}"
}

@misc{amazon_drones,
  title = "{Amazon Prime Air}",
  howpublished = "\url{http://www.amazon.com/b?node=8037720011}",
  year = {Accessed Jan. 2015}
}

@article{utm,
  title="{Transverse Mercator with an accuracy of a few nanometers}",
  author="{Karney, Charles FF}",
  journal="{Journal of Geodesy}",
  volume="{85}",
  number="{8}",
  pages="{475--485}",
  year="{2011}",
  publisher="{Springer}"
}


@book{cai2011unmanned,
  title="{Unmanned rotorcraft systems}",
  author="{G. Cai et. al}",
  year="{2011}",
  publisher="{Springer Science \& Business Media}"
}


@book{jekeli2001inertial,
  title="{Inertial navigation systems with geodetic applications}",
  author="{C. Jekeli}",
  year="{2001}",
  publisher="{Walter de Gruyter}"
}

@inproceedings{sprague2001design,
  title="{Design and applications of an avionics system for a miniature acrobatic helicopter}",
  author="{K. Sprague et al}",
  booktitle="{Digital Avionics Systems, 2001. DASC. 20th Conference}",
  volume="{1}",
  pages="{3C5--1}",
  year="{2001}",
  organization="{IEEE}"
}


@misc{comp_filter_mit,
    title     = "{Complementary Filter Design for Angle Estimation using MEMS Accelerometer and Gyroscope}",
    author    = "{H. G. Min and E. T. Jeung}",
     howpublished = "Available: \url{http://ocw.mit.edu/courses/new-courses/electrical-engineering-and-computer-science/resources/control-engineering/filtering}",
    year     = "{(accessed Dec 23, 2014)}"   
}

@article{Stanford_rotation_paper,
  title={Representing attitude: Euler angles, unit quaternions, and rotation vectors},
  author={Diebel, James},
  journal={Matrix},
  volume={58},
  pages={15--16},
  year={2006}
}
@article{fonsintegration,
  title={Integration of the INS and GPS navigation systems using a Kalman Filter on a mobile phone},
  author={Fons-Albert, B and Vila-Carb{\'o}, J}
}

@article{crassidis2006sigma,
  title={Sigma-point Kalman filtering for integrated GPS and inertial navigation},
  author={Crassidis, John L},
  journal={Aerospace and Electronic Systems, IEEE Transactions on},
  volume={42},
  number={2},
  pages={750--756},
  year={2006},
  publisher={IEEE}
}

@inproceedings{ersson2001state,
  title={State observers of linear control systems with nonlinear outputs},
  author={Ersson, Torvald and Hu, Xiaoming},
  booktitle={Decision and Control, 2001. Proceedings of the 40th IEEE Conference on},
  volume={4},
  pages={3358--3359},
  year={2001},
  organization={IEEE}
}

@article{kalman1960new,
  title={A new approach to linear filtering and prediction problems},
  author={Kalman, Rudolph Emil},
  journal={Journal of Fluids Engineering},
  volume={82},
  number={1},
  pages={35--45},
  year={1960},
  publisher={American Society of Mechanical Engineers}
}


@misc{LQG_mit,
    author    = "Derek Rowell",
    title     = "Advanced System Dynamics and Control, Discrete Time Observers and LQG Control [Handout]",
    howpublished = "Available:\url{http://web.mit.edu/2.151/www/Handouts/Kalman.pdf}",
    year     = " (accessed Jan 18, 2015)",

}

@article{franklin2006feedback,
  title={Feedback control of dynamics systems},
  author={ G. F. Franklin et al},
  journal={Pretince Hall Inc},
  year={2006}
}

@misc{quad_ieee_med,
    title     = "{Matternet Wants to Deliver Meds with a Network of Quadrotors}",
    author    = "{Evan Ackerman}",
     publisher={IEEE},
     howpublished = "Available: \url{http://spectrum.ieee.org/automaton/robotics/medical-robots/mini-uavs-could-be-the-cheapest-way-to-deliver-medicine}",
    year     = "{(accessed Feb 03, 2015)}"   
}

@misc{bin,
    title     = "{Basic Interial Navigation}",
    author    = "{Sherryl H. Stovall}",
     publisher={US military},
    year     = "{1997}"   
}